<record><leader>00000cas a22000007a 4500</leader><controlfield tag="001">4901461</controlfield><controlfield tag="008">790427d19761980maumr ne      0   a0eng d</controlfield><datafield ind1=" " ind2=" " tag="010"><subfield code="a">sn 79002617 </subfield></datafield><datafield ind1=" " ind2=" " tag="040"><subfield code="a">NSD</subfield><subfield code="b">eng</subfield><subfield code="c">NSD</subfield><subfield code="d">MGN</subfield><subfield code="d">OCLCQ</subfield><subfield code="d">OCLCF</subfield><subfield code="d">OCLCO</subfield></datafield><datafield ind1=" " ind2=" " tag="012"><subfield code="k">1</subfield><subfield code="m">d</subfield></datafield><datafield ind1="0" ind2=" " tag="022"><subfield code="a">0191-4952</subfield><subfield code="l">0191-4952</subfield><subfield code="2">1</subfield></datafield><datafield ind1="1" ind2=" " tag="029"><subfield code="a">AU@</subfield><subfield code="b">000025798775</subfield></datafield><datafield ind1=" " ind2=" " tag="042"><subfield code="a">msc</subfield><subfield code="a">nsdp</subfield></datafield><datafield ind1="0" ind2=" " tag="130"><subfield code="a">Jewish chronicle (Worcester, Mass. : 1976)</subfield></datafield><datafield ind1=" " ind2="4" tag="222"><subfield code="a">The Jewish chronicle</subfield><subfield code="b">(Worcester)</subfield></datafield><datafield ind1="0" ind2="4" tag="245"><subfield code="a">The Jewish chronicle.</subfield></datafield><datafield ind1=" " ind2=" " tag="260"><subfield code="a">Worcester, Ma. :</subfield><subfield code="b">Mar-Len Publications</subfield></datafield><datafield ind1=" " ind2=" " tag="300"><subfield code="a">v.</subfield></datafield><datafield ind1=" " ind2=" " tag="310"><subfield code="a">Monthly</subfield></datafield><datafield ind1="0" ind2=" " tag="362"><subfield code="a">Vol. 1, no. 1 (Oct. 1976)-v. 5, no. 45 (May 1980).</subfield></datafield><datafield ind1=" " ind2="0" tag="650"><subfield code="a">Jewish newspapers</subfield><subfield code="z">Massachusetts.</subfield></datafield><datafield ind1=" " ind2="7" tag="650"><subfield code="a">Jewish newspapers.</subfield><subfield code="2">fast</subfield><subfield code="0">(OCoLC)fst00982872</subfield></datafield><datafield ind1=" " ind2="7" tag="651"><subfield code="a">Massachusetts.</subfield><subfield code="2">fast</subfield><subfield code="0">(OCoLC)fst01204307</subfield></datafield><datafield ind1=" " ind2=" " tag="752"><subfield code="a">United States</subfield><subfield code="b">Massachusetts</subfield><subfield code="c">Worcester</subfield><subfield code="d">Worcester.</subfield></datafield><datafield ind1="0" ind2="7" tag="785"><subfield code="t">Jewish civic leader</subfield><subfield code="w">(DLC)sn 89070116</subfield></datafield><datafield ind1="0" ind2="7" tag="785"><subfield code="t">Jewish chronicle-leader</subfield><subfield code="x">0747-0053</subfield><subfield code="w">(DLC)sn 84009419</subfield></datafield><datafield ind1=" " ind2=" " tag="936"><subfield code="a">Feb. 1979</subfield></datafield></record>